% Gardner1 = Exploitation of Spectral Redundancy in Cyclostationary Signals
% Oner1 = Cyclostationarity Based Air Interface Recognition for Software Radio Systems
% Gardner2 = Spectral Correlation of Modulated Signals: Part II - Digital Modulation
% Harris1 = Digital Receivers and Transmitters Using Polyphase Filter Banks for Wireless Communications
% Harris2 = Arbitrary Center frequencies and different channel bandwidths
% Borgerding1 = Turning Overlap-Save into a Multiband Mixing, Downsampling Filter Bank
@article{Gardner1,
  author        = "William A. Gardner",
  title         = "Exploitation of {S}pectral {R}edundancy in {C}yclostationary {S}ignals",
  journal       = "IEEE Signal Processing Magazine",
  volume        = "8",
  number        = "2",
  month         = apr,
  year          = "1991",
  pages         = "14-36"
}

@article{Gardner2,
  author        = "William A. Gardner and {Brown, III, William, A.} and Chih-Kang Chen",
  title         = "Spectral {C}orrelation of {M}odulated {S}ignals: {P}art {II} - {D}igital {M}odulation",
  journal       = "IEEE Transactions on Communications",
  volume        = "COM-35",
  number        = "6",
  month         = jun,
  year          = "1987",
  pages         = "595-601"
}

@article{Harris1,
  author        = "Fredric J. Harris and Chris Dick and Michael Rice",
  title         = "Digital {R}eceivers and {T}ransmitters {U}sing {P}olyphase {F}ilter {B}anks for {W}ireless {C}ommunications",
  journal       = "IEEE Transactions on Microwave Theory and Techniques",
  volume        = "51",
  number        = "4",
  month         = apr,
  year          = "2003",
  pages         = "1395-1412"
}

@article{Harris2,
  author        = "Fredric J, Harris and Elettra Venosa and Xiaofei Chen and Bhaskar D. Rao",
  title         = "Polyphase analysis filter bank down-converts unequal channel bandwidths and arbitrary center frequencies",
  journal       = "Analog Integrated Circuits and Signal Processing",
  volume        = "71",
  number        = "3",
  year          = "2012",
  pages         = "481-494"
}

@article{Borgerding1,
  author        = "Mark Borgerding",
  title         = "Turning {O}verlap-{S}ave into a {M}ultiband {M}ixing, {D}ownsampling {F}ilter {B}ank",
  journal       = "IEEE Signal Processing Magazine",
  volume        = "23",
  number        = "2",
  month         = mar,
  year          = "2006",
  pages         = "158-161"
}

@conference{Oner1,
  author        = "Meng{\"u}{\c c} {\" O}ner and Friedrich Jondral",
  title         = "Cyclostationarity {B}ased {A}ir {I}nterface {R}ecognition for {S}oftware {R}adio {S}ystems",
  booktitle     = "IEEE Radio and Wireless Conference",
  month         = sep,
  year          = "2004",
  pages         = "263-266"
}

@online{WebSDR,
  title = {{WebSDR}},
  url = {http://websdr.org},
  urldate = {2015-01-18}
}

@article{Jiandong1,
  author        = "Jiandong Wang and Tongwen Chen",
  title         = "Cyclo-{P}eriod {E}stimation for {D}iscrete-{T}ime {C}yclo-{S}tationary {S}ignals",
  journal       = "IEEE Transactions on Signal Processing",
  volume        = "54",
  number        = "1",
  month         = jan,
  year          = "2006",
  pages         = "83-94"
}
